
@misc{cip30, title={CIP 30 - Cardano dApp-Wallet Web Bridge}, url={https://cips.cardano.org/cips/cip30/}, journal={CIP Cardano Improvement Proposals}, author={Alessandro Konrad}} 
@misc{cip2, title={CIP 2 - Coin Selection Algorithms for Cardano}, url={https://cips.cardano.org/cips/cip2/}, journal={CIP Cardano Improvement Proposals}, author={Jonathan Knowles}} 

@misc{nami, url={https://namiwallet.io/}, journal={Nami}} 

@misc{optim2022, title={Transaction chaining on cardano}, url={https://optim-labs.medium.com/transaction-chaining-on-cardano-cdc38c1c73dc}, journal={Medium}, publisher={Medium}, author={Labs, Optim}, year={2022}, month={Sep}} 

@misc{cardanians2023, title={Understanding the cardano mem-pool}, url={https://cexplorer.io/article/understanding-the-cardano-mem-pool}, journal={Cexplorer}, author={cardanians.io}, year={2023}, month={Nov}} 